<record><leader>00000cas a22000007a 4500</leader><controlfield tag="001">36495968</controlfield><controlfield tag="008">970306c19uu9999mauwr ne      0   a0eng c</controlfield><datafield ind1=" " ind2=" " tag="010"><subfield code="a">sn 97003654 </subfield></datafield><datafield ind1=" " ind2=" " tag="040"><subfield code="a">NSD</subfield><subfield code="b">eng</subfield><subfield code="c">NSD</subfield><subfield code="d">OCLCQ</subfield><subfield code="d">OCLCO</subfield></datafield><datafield ind1=" " ind2=" " tag="012"><subfield code="l">1</subfield></datafield><datafield ind1="1" ind2=" " tag="022"><subfield code="a">1093-0051</subfield><subfield code="l">1093-0051</subfield><subfield code="2">1</subfield></datafield><datafield ind1=" " ind2=" " tag="037"><subfield code="b">Worcester Polytechnic Institute, 100 Institute Rd., Worcester, MA 01609</subfield></datafield><datafield ind1=" " ind2=" " tag="042"><subfield code="a">nsdp</subfield><subfield code="a">pcc</subfield></datafield><datafield ind1="0" ind2=" " tag="130"><subfield code="a">Newspeak (Worcester, Mass.)</subfield></datafield><datafield ind1=" " ind2="0" tag="222"><subfield code="a">Newspeak</subfield><subfield code="b">(Worcester, Mass.)</subfield></datafield><datafield ind1="1" ind2="0" tag="245"><subfield code="a">Newspeak :</subfield><subfield code="b">the student newspaper of Worcester Polytechnic Institute.</subfield></datafield><datafield ind1=" " ind2=" " tag="260"><subfield code="a">Worcester, MA :</subfield><subfield code="b">Worcester Polytechnic Institute</subfield></datafield><datafield ind1=" " ind2=" " tag="300"><subfield code="a">v.</subfield></datafield><datafield ind1=" " ind2=" " tag="310"><subfield code="a">Weekly</subfield></datafield><datafield ind1=" " ind2=" " tag="588"><subfield code="a">Description based on: Vol. 25, no. 3 (Feb. 4, 1997).</subfield></datafield><datafield ind1="2" ind2=" " tag="710"><subfield code="a">Worcester Polytechnic Institute.</subfield></datafield><datafield ind1=" " ind2=" " tag="752"><subfield code="a">United States</subfield><subfield code="b">Massachusetts</subfield><subfield code="c">Worcester</subfield><subfield code="d">Worcester.</subfield></datafield><datafield ind1="0" ind2="0" tag="780"><subfield code="t">WPI newspeak</subfield><subfield code="w">(OCoLC)28912362</subfield></datafield></record>